@comment{This file has been generated by Pybliographer}

@Misc{maven,
  Title          = {Maven2},
  HowPublished   = {\url{http://maven.apache.org/}}
}

@Misc{spring,
  Title          = {Spring {F}ramework},
  HowPublished   = {\url{http://www.springframework.com}}
}

@Misc{i18n,
  Title          = {Resource {B}undles},
  HowPublished   = {\url{http://java.sun.com/developer/technicalArticles/Intl/ResourceBundles/}}
}



